@book{duda2012pattern,
  title				 = {Pattern Classification},
  author			 = {Duda, R.O. and Hart, P.E. and Stork, D.G.},
  isbn				 = {9781118586006},
  year				 = {2012},
  publisher		 = {Wiley}
}

@inproceedings{smith1988,
  author       = {Smith, J.~W. and Everhart, J.~E. and Dickson, W.~C. and Knowler, W.~C. and Johannes, R.~S.},
  title        = {{Using the ADAP learning algorithm to forecast the onset of diabetes mellitus}},
  booktitle    = {Proceedings of the Annual Symposium on Computer Applications in Medical Care},
  location     = {Orlando, FL, USA},
  month        = nov,
  year         = {1988},
  pages        = {261--265},
  publisher    = {IEEE Computer Society Press}
}

@article{scikit-learn,
  title        = {Scikit-learn: Machine Learning in {P}ython},
  author       = {Pedregosa, Fabian and Varoquaux, Gaël and Gramfort, Vincent and Michel, Bertrand
                  and Thirion, Bertrand and Grisel, Olivier and Blondel, Mathieu and Prettenhofer, Peter
                  and Weiss, Ron and Dubourg, Vincent and Vanderplas, Jake and Passos, Alexandre
                  and Cournapeau, David and Brucher, Matthieu and Perrot, Michäel and Duchesnay, Édouard},
  journal      = {Journal of Machine Learning Research},
  volume       = {12},
  pages        = {2825--2830},
  year         = {2011}
}

@Article{Hunter:2007,
  author       = {Hunter, John D.},
  title        = {Matplotlib: A 2D Graphics Environment},
  journal      = {Computing in Science \& Engineering},
  volume       = {9},
  number       = {3},
  pages        = {90--95},
  year         = {2007},
  publisher    = {IEEE Computer Society},
  doi          = {10.1109/MCSE.2007.55}
}

